@article{chen_generation_2014,
    title = {Generation of bright isolated attosecond soft {X}-ray pulses driven by multicycle midinfrared lasers},
    volume = {111},
    url = {https://www.pnas.org/content/111/23/E2361},
    doi = {10.1073/pnas.1407421111},
    number = {23},
    journal = {Proceedings of the National Academy of Sciences},
    author = {Chen, Ming-Chang and Mancuso, Christopher and Hernández-García, Carlos and Dollar, Franklin and Galloway, Ben and Popmintchev, Dimitar and Huang, Pei-Chi and Walker, Barry and Plaja, Luis and Jaroń-Becker, Agnieszka A. and Becker, Andreas and Murnane, Margaret M. and Kapteyn, Henry C. and Popmintchev, Tenio},
    year = {2014},
    pages = {E2361--E2367}
}

@article{tao_direct_2016,
    title = {Direct time-domain observation of attosecond final-state lifetimes in photoemission from solids},
    volume = {353},
    issn = {0036-8075, 1095-9203},
    url = {https://science.sciencemag.org/content/353/6294/62},
    doi = {10.1126/science.aaf6793},
    language = {en},
    number = {6294},
    urldate = {2020-06-05},
    journal = {Science},
    author = {Tao, Zhensheng and Chen, Cong and Szilvási, Tibor and Keller, Mark and Mavrikakis, Manos and Kapteyn, Henry and Murnane, Margaret},
    month = jul,
    year = {2016},
    pmid = {27256880},
    pages = {62--67}
}

@article{klunder2011,
  title = {Probing Single-Photon Ionization on the Attosecond Time Scale},
  author = {Kl\"under, K. and Dahlstr\"om, J. M. and Gisselbrecht, M. and Fordell, T. and Swoboda, M. and Gu\'enot, D. and Johnsson, P. and Caillat, J. and Mauritsson, J. and Maquet, A. and Ta\"{\i}eb, R. and L'Huillier, A.},
  journal = {Phys. Rev. Lett.},
  volume = {106},
  issue = {14},
  pages = {143002},
  numpages = {4},
  year = {2011},
  month = {Apr},
  publisher = {American Physical Society},
  doi = {10.1103/PhysRevLett.106.143002},
  url = {https://link.aps.org/doi/10.1103/PhysRevLett.106.143002}
}

@article{schultze_delay_2010,
    title = {Delay in {Photoemission}},
    volume = {328},
    issn = {0036-8075, 1095-9203},
    url = {https://science.sciencemag.org/content/328/5986/1658},
    doi = {10.1126/science.1189401},
    language = {en},
    number = {5986},
    urldate = {2020-06-05},
    journal = {Science},
    author = {Schultze, M. and Fieß, M. and Karpowicz, N. and Gagnon, J. and Korbman, M. and Hofstetter, M. and Neppl, S. and Cavalieri, A. L. and Komninos, Y. and Mercouris, Th and Nicolaides, C. A. and Pazourek, R. and Nagele, S. and Feist, J. and Burgdörfer, J. and Azzeer, A. M. and Ernstorfer, R. and Kienberger, R. and Kleineberg, U. and Goulielmakis, E. and Krausz, F. and Yakovlev, V. S.},
    month = jun,
    year = {2010},
    pmid = {20576884},
    pages = {1658--1662}
}
@article{cavalieri_attosecond_2007,
    title = {Attosecond spectroscopy in condensed matter},
    volume = {449},
    issn = {1476-4687},
    url = {https://www.nature.com/articles/nature06229},
    doi = {10.1038/nature06229},
    language = {en},
    number = {7165},
    urldate = {2020-06-05},
    journal = {Nature},
    author = {Cavalieri, A. L. and Müller, N. and Uphues, Th and Yakovlev, V. S. and Baltuška, A. and Horvath, B. and Schmidt, B. and Blümel, L. and Holzwarth, R. and Hendel, S. and Drescher, M. and Kleineberg, U. and Echenique, P. M. and Kienberger, R. and Krausz, F. and Heinzmann, U.},
    month = oct,
    year = {2007},
    pages = {1029--1032}
}

@article{Pazourek2015,
  title = {Attosecond chronoscopy of photoemission},
  author = {Pazourek, Renate and Nagele, Stefan and Burgd\"orfer, Joachim},
  journal = {Rev. Mod. Phys.},
  volume = {87},
  issue = {3},
  pages = {765--802},
  numpages = {38},
  year = {2015},
  month = {Aug},
  publisher = {American Physical Society},
  doi = {10.1103/RevModPhys.87.765},
  url = {https://link.aps.org/doi/10.1103/RevModPhys.87.765}
}
@article{gruson_attosecond_2016,
    title = {Attosecond dynamics through a {Fano} resonance: {Monitoring} the birth of a photoelectron},
    volume = {354},
    issn = {0036-8075, 1095-9203},
    shorttitle = {Attosecond dynamics through a {Fano} resonance},
    url = {https://science.sciencemag.org/content/354/6313/734},
    doi = {10.1126/science.aah5188},
    language = {en},
    number = {6313},
    urldate = {2020-06-05},
    journal = {Science},
    author = {Gruson, V. and Barreau, L. and Jiménez-Galan, Á and Risoud, F. and Caillat, J. and Maquet, A. and Carré, B. and Lepetit, F. and Hergott, J.-F. and Ruchon, T. and Argenti, L. and Taïeb, R. and Martín, F. and Salières, P.},
    month = nov,
    year = {2016},
    pmid = {27846602},
    pages = {734--738}
}

@article{Mauritsson2010,
  title = {Attosecond Electron Spectroscopy Using a Novel Interferometric Pump-Probe Technique},
  author = {Mauritsson, J. and Remetter, T. and Swoboda, M. and Kl\"under, K. and L'Huillier, A. and Schafer, K. J. and Ghafur, O. and Kelkensberg, F. and Siu, W. and Johnsson, P. and Vrakking, M. J. J. and Znakovskaya, I. and Uphues, T. and Zherebtsov, S. and Kling, M. F. and L\'epine, F. and Benedetti, E. and Ferrari, F. and Sansone, G. and Nisoli, M.},
  journal = {Phys. Rev. Lett.},
  volume = {105},
  issue = {5},
  pages = {053001},
  numpages = {4},
  year = {2010},
  month = {Jul},
  publisher = {American Physical Society},
  doi = {10.1103/PhysRevLett.105.053001},
  url = {https://link.aps.org/doi/10.1103/PhysRevLett.105.053001}
}

@article{remetter_attosecond_2006,
    title = {Attosecond electron wave packet interferometry},
    volume = {2},
    issn = {1745-2481},
    url = {https://www.nature.com/articles/nphys290},
    doi = {10.1038/nphys290},
    language = {en},
    number = {5},
    urldate = {2020-06-05},
    journal = {Nature Physics},
    author = {Remetter, T. and Johnsson, P. and Mauritsson, J. and Varjú, K. and Ni, Y. and Lépine, F. and Gustafsson, E. and Kling, M. and Khan, J. and López-Martens, R. and Schafer, K. J. and Vrakking, M. J. J. and L’Huillier, A.},
    month = may,
    year = {2006},
    pages = {323--326}
}

@article{seddon_short-wavelength_2017,
    title = {Short-wavelength free-electron laser sources and science: a review},
    volume = {80},
    url = {https://doi.org/10.1088%2F1361-6633%2Faa7cca},
    doi = {10.1088/1361-6633/aa7cca},
    number = {11},
    journal = {Reports on Progress in Physics},
    author = {Seddon, E. A. and Clarke, J. A. and Dunning, D. J. and Masciovecchio, C. and Milne, C. J. and Parmigiani, F. and Rugg, D. and Spence, J. C. H. and Thompson, N. R. and Ueda, K. and Vinko, S. M. and Wark, J. S. and Wurth, W.},
    month = oct,
    year = {2017},
    pages = {115901}
}
@article{popmintchev_attosecond_2010,
    title = {The attosecond nonlinear optics of bright coherent {X}-ray generation},
    volume = {4},
    url = {https://doi.org/10.1038/nphoton.2010.256},
    doi = {10.1038/nphoton.2010.256},
    journal = {Nature Photonics},
    author = {Popmintchev, Tenio and Chen, Ming-Chang and Arpin, Paul and Murnane, Margaret M. and Kapteyn, Henry C.},
    year = {2010},
    pages = {822}
}

@article{zhao_attosecond_2012,
author = {Kun Zhao and Qi Zhang and Michael Chini and Yi Wu and Xiaowei Wang and Zenghu Chang},
journal = {Opt. Lett.},
number = {18},
pages = {3891--3893},
publisher = {OSA},
title = {Tailoring a 67 attosecond pulse through advantageous phase-mismatch},
volume = {37},
month = {Sep},
year = {2012},
url = {http://ol.osa.org/abstract.cfm?URI=ol-37-18-3891},
doi = {10.1364/OL.37.003891}
}

@article{vrakking_attosecond_2014,
    title = {Attosecond imaging},
    volume = {16},
    issn = {1463-9084},
    url = {https://pubs.rsc.org/en/content/articlelanding/2014/cp/c3cp53659a},
    doi = {10.1039/C3CP53659A},
    language = {en},
    number = {7},
    urldate = {2020-05-25},
    journal = {Physical Chemistry Chemical Physics},
    author = {Vrakking, Marc J. J.},
    month = jan,
    year = {2014},
    pages = {2775--2789}
}

@article{calegari_advances_2016,
    title = {Advances in attosecond science},
    volume = {49},
    issn = {0953-4075},
    url = {https://doi.org/10.1088%2F0953-4075%2F49%2F6%2F062001},
    doi = {10.1088/0953-4075/49/6/062001},
    language = {en},
    number = {6},
    journal = {Journal of Physics B: Atomic, Molecular and Optical Physics},
    author = {Calegari, Francesca and Sansone, Giuseppe and Stagira, Salvatore and Vozzi, Caterina and Nisoli, Mauro},
    month = feb,
    year = {2016},
    pages = {062001}
}

@article{xu_time-resolved_2016,
    title = {Time-resolved molecular imaging},
    volume = {49},
    issn = {0953-4075},
    url = {https://doi.org/10.1088%2F0953-4075%2F49%2F11%2F112001},
    doi = {10.1088/0953-4075/49/11/112001},
    language = {en},
    number = {11},
    journal = {Journal of Physics B: Atomic, Molecular and Optical Physics},
    author = {Xu, Junliang and Blaga, Cosmin I. and Agostini, Pierre and DiMauro, Louis F.},
    month = may,
    year = {2016},
    pages = {112001}
}

@article{ma_photoelectron_2013,
    title = {Photoelectron angular distributions for the two-photon ionization of helium by ultrashort extreme ultraviolet free-electron laser pulses},
    volume = {46},
    issn = {0953-4075},
    url = {https://doi.org/10.1088%2F0953-4075%2F46%2F16%2F164018},
    doi = {10.1088/0953-4075/46/16/164018},
    language = {en},
    number = {16},
    journal = {Journal of Physics B: Atomic, Molecular and Optical Physics},
    author = {Ma, R. and Motomura, K. and Ishikawa, K. L. and Mondal, S. and Fukuzawa, H. and Yamada, A. and Ueda, K. and Nagaya, K. and Yase, S. and Mizoguchi, Y. and Yao, M. and Rouze, A. and Hundermark, A. and Vrakking, M. J. J. and Johnsson, P. and Nagasono, M. and Tono, K. and Togashi, T. and Senba, Y. and Ohashi, H. and Yabashi, M. and Ishikawa, T.},
    month = aug,
    year = {2013},
    pages = {164018}
}

@article{venzke_ionization_2020,
    title = {Ionization of helium by an ultrashort extreme-ultraviolet laser pulse},
    volume = {53},
    issn = {0953-4075},
    url = {https://doi.org/10.1088%2F1361-6455%2Fab728c},
    doi = {10.1088/1361-6455/ab728c},
    language = {en},
    number = {8},
    journal = {Journal of Physics B: Atomic, Molecular and Optical Physics},
    author = {Venzke, J. and Jaroń-Becker, A. and Becker, A.},
    month = apr,
    year = {2020},
    pages = {085602}
}

@article{venzke_central_2018,
    title = {Central frequency of few-cycle laser pulses in strong-field processes},
    volume = {98},
    url = {https://link.aps.org/doi/10.1103/PhysRevA.98.063409},
    doi = {10.1103/PhysRevA.98.063409},
    number = {6},
    journal = {Physical Review A},
    author = {Venzke, J. and Joyce, T. and Xue, Z. and Becker, A. and Jaron-Becker, A.},
    month = dec,
    year = {2018},
    pages = {063409}
}

@article{chelkowski_sensitivity_2002,
    title = {Sensitivity of spatial photoelectron distributions to the absolute phase of an ultrashort intense laser pulse},
    volume = {65},
    url = {https://link.aps.org/doi/10.1103/PhysRevA.65.061802},
    doi = {10.1103/PhysRevA.65.061802},
    number = {6},
    journal = {Physical Review A},
    author = {Chelkowski, Szczepan and Bandrauk, André D.},
    month = feb,
    year = {2002},
    pages = {061802}
}



@article{bowering_asymmetry_2001,
    title = {Asymmetry in {Photoelectron} {Emission} from {Chiral} {Molecules} {Induced} by {Circularly} {Polarized} {Light}},
    volume = {86},
    url = {https://link.aps.org/doi/10.1103/PhysRevLett.86.1187},
    doi = {10.1103/PhysRevLett.86.1187},
    number = {7},
    journal = {Physical Review Letters},
    author = {B\"owering, N. and Lischke, T. and Schmidtke, B. and M\"uller, N. and Khalil, T. and Heinzmann, U.},
    month = feb,
    year = {2001},
    pages = {1187--1190}
}


@article{yin_asymmetric_1992,
    title = {Asymmetric photoelectron angular distributions from interfering photoionization processes},
    volume = {69},
    url = {https://link.aps.org/doi/10.1103/PhysRevLett.69.2353},
    doi = {10.1103/PhysRevLett.69.2353},
    number = {16},
    journal = {Physical Review Letters},
    author = {Yin, Yi-Yian and Chen, Ce and Elliott, D. S. and Smith, A. V.},
    month = oct,
    year = {1992},
    pages = {2353--2356}
}

@article{wang_time-dependent_2019,
    title = {Time-dependent perturbation theory beyond the dipole approximation for two-photon ionization of atoms},
    volume = {99},
    url = {https://link.aps.org/doi/10.1103/PhysRevA.99.023407},
    doi = {10.1103/PhysRevA.99.023407},
    number = {2},
    journal = {Physical Review A},
    author = {Wang, Mu-Xue and Liang, Hao and Xiao, Xiang-Ru and Chen, Si-Ge and Peng, Liang-You},
    month = feb,
    year = {2019},
    pages = {023407}
}


@article{boll_angularly_2019,
    title = {Angularly resolved two-photon above-threshold ionization of helium},
    volume = {99},
    url = {https://link.aps.org/doi/10.1103/PhysRevA.99.023416},
    doi = {10.1103/PhysRevA.99.023416},
    number = {2},
    journal = {Physical Review A},
    author = {Boll, Diego I. R. and Fojón, Omar A. and McCurdy, C. W. and Palacios, Alicia},
    month = feb,
    year = {2019},
    pages = {023416}
}

@article{hofbrucker_maximum_2018,
  title = {Maximum Elliptical Dichroism in Atomic Two-Photon Ionization},
  author = {Hofbrucker, J. and Volotka, A. V. and Fritzsche, S.},
  journal = {Phys. Rev. Lett.},
  volume = {121},
  issue = {5},
  pages = {053401},
  numpages = {6},
  year = {2018},
  month = {Jul},
  publisher = {American Physical Society},
  doi = {10.1103/PhysRevLett.121.053401},
  url = {https://link.aps.org/doi/10.1103/PhysRevLett.121.053401}
}


@article{douguet_photoelectron_2016,
    title = {Photoelectron angular distributions in bichromatic atomic ionization induced by circularly polarized {VUV} femtosecond pulses},
    volume = {93},
    url = {https://link.aps.org/doi/10.1103/PhysRevA.93.033402},
    doi = {10.1103/PhysRevA.93.033402},
    number = {3},
    journal = {Physical Review A},
    author = {Douguet, Nicolas and Grum-Grzhimailo, Alexei N. and Gryzlova, Elena V. and Staroselskaya, Ekaterina I. and Venzke, Joel and Bartschat, Klaus},
    month = mar,
    year = {2016},
    pages = {033402}
}

@article{grum-grzhimailo_interfering_2015,
    title = {Interfering one-photon and two-photon ionization by femtosecond {VUV} pulses in the region of an intermediate resonance},
    volume = {91},
    url = {https://link.aps.org/doi/10.1103/PhysRevA.91.063418},
    doi = {10.1103/PhysRevA.91.063418},
    number = {6},
    journal = {Physical Review A},
    author = {Grum-Grzhimailo, Alexei N. and Gryzlova, Elena V. and Staroselskaya, Ekaterina I. and Venzke, Joel and Bartschat, Klaus},
    month = jun,
    year = {2015},
    pages = {063418}
}

@article{huang_polarization_2018,
    title = {Polarization control of isolated high-harmonic pulses},
    volume = {12},
    copyright = {2018 © The Author(s) 2018, under exclusive licence to Macmillan Publishers Limited, part of Springer Nature},
    issn = {1749-4893},
    url = {https://www.nature.com/articles/s41566-018-0145-0},
    doi = {10.1038/s41566-018-0145-0},
    language = {en},
    number = {6},
    urldate = {2020-05-25},
    journal = {Nature Photonics},
    author = {Huang, Pei-Chi and Hernández-García, Carlos and Huang, Jen-Ting and Huang, Po-Yao and Lu, Chih-Hsuan and Rego, Laura and Hickstein, Daniel D. and Ellis, Jennifer L. and Jaron-Becker, Agnieszka and Becker, Andreas and Yang, Shang-Da and Durfee, Charles G. and Plaja, Luis and Kapteyn, Henry C. and Murnane, Margaret M. and Kung, A. H. and Chen, Ming-Chang},
    month = jun,
    year = {2018},
    pages = {349--354}
}

@article{ilchen_symmetry_2018,
    title = {Symmetry breakdown of electron emission in extreme ultraviolet photoionization of argon},
    volume = {9},
    copyright = {2018 The Author(s)},
    issn = {2041-1723},
    url = {https://www.nature.com/articles/s41467-018-07152-7},
    doi = {10.1038/s41467-018-07152-7},
    language = {en},
    number = {1},
    urldate = {2020-05-25},
    journal = {Nature Communications},
    author = {Ilchen, M. and Hartmann, G. and Gryzlova, E. V. and Achner, A. and Allaria, E. and Beckmann, A. and Braune, M. and Buck, J. and Callegari, C. and Coffee, R. N. and Cucini, R. and Danailov, M. and De Fanis, A. and Demidovich, A. and Ferrari, E. and Finetti, P. and Glaser, L. and Knie, A. and Lindahl, A. O. and Plekan, O. and Mahne, N. and Mazza, T. and Raimondi, L. and Roussel, E. and Scholz, F. and Seltmann, J. and Shevchuk, I. and Svetina, C. and Walter, P. and Zangrando, M. and Viefhaus, J. and Grum-Grzhimailo, A. N. and Meyer, M.},
    month = nov,
    year = {2018},
    pages = {4659}
}

@article{cirelli_anisotropic_2018,
    title = {Anisotropic photoemission time delays close to a {Fano} resonance},
    volume = {9},
    copyright = {2018 The Author(s)},
    issn = {2041-1723},
    url = {https://www.nature.com/articles/s41467-018-03009-1},
    doi = {10.1038/s41467-018-03009-1},
    language = {en},
    number = {1},
    urldate = {2020-05-25},
    journal = {Nature Communications},
    author = {Cirelli, Claudio and Marante, Carlos and Heuser, Sebastian and Petersson, C. L. M. and Galán, Álvaro Jiménez and Argenti, Luca and Zhong, Shiyang and Busto, David and Isinger, Marcus and Nandi, Saikat and Maclot, Sylvain and Rading, Linnea and Johnsson, Per and Gisselbrecht, Mathieu and Lucchini, Matteo and Gallmann, Lukas and Dahlström, J. Marcus and Lindroth, Eva and L’Huillier, Anne and Martín, Fernando and Keller, Ursula},
    month = mar,
    year = {2018},
    pages = {955}
}

@article{peng_attosecond_2019,
    title = {Attosecond imaging of molecules using high harmonic spectroscopy},
    volume = {1},
    issn = {2522-5820},
    url = {https://www.nature.com/articles/s42254-018-0015-1},
    doi = {10.1038/s42254-018-0015-1},
    language = {en},
    number = {2},
    urldate = {2020-05-25},
    journal = {Nature Reviews Physics},
    author = {Peng, Peng and Marceau, Claude and Villeneuve, David M.},
    month = feb,
    year = {2019},
    pages = {144--155}
}

@article{maulbetsch_asymmetry_1992,
    title = {Asymmetry parameter for double photoionization},
    volume = {68},
    url = {https://link.aps.org/doi/10.1103/PhysRevLett.68.2004},
    doi = {10.1103/PhysRevLett.68.2004},
    number = {13},
    journal = {Physical Review Letters},
    author = {Maulbetsch, F. and Briggs, J. S.},
    month = mar,
    year = {1992},
    pages = {2004--2006}
}

@article{garcia_vibrationally_2013,
    title = {Vibrationally induced inversion of photoelectron forward-backward asymmetry in chiral molecule photoionization by circularly polarized light},
    volume = {4},
    issn = {2041-1723},
    url = {https://www.nature.com/articles/ncomms3132},
    doi = {10.1038/ncomms3132},
    language = {en},
    number = {1},
    urldate = {2020-05-25},
    journal = {Nature Communications},
    author = {Garcia, Gustavo A. and Nahon, Laurent and Daly, Steven and Powis, Ivan},
    month = jul,
    year = {2013},
    pages = {2132}
}

@article{prince_coherent_2016,
    title = {Coherent control with a short-wavelength free-electron laser},
    volume = {10},
    issn = {1749-4893},
    url = {https://www.nature.com/articles/nphoton.2016.13},
    doi = {10.1038/nphoton.2016.13},
    language = {en},
    number = {3},
    urldate = {2020-05-25},
    journal = {Nature Photonics},
    author = {Prince, K. C. and Allaria, E. and Callegari, C. and Cucini, R. and De Ninno, G. and Di Mitri, S. and Diviacco, B. and Ferrari, E. and Finetti, P. and Gauthier, D. and Giannessi, L. and Mahne, N. and Penco, G. and Plekan, O. and Raimondi, L. and Rebernik, P. and Roussel, E. and Svetina, C. and Trovò, M. and Zangrando, M. and Negro, M. and Carpeggiani, P. and Reduzzi, M. and Sansone, G. and Grum-Grzhimailo, A. N. and Gryzlova, E. V. and Strakhova, S. I. and Bartschat, K. and Douguet, N. and Venzke, J. and Iablonskyi, D. and Kumagai, Y. and Takanashi, T. and Ueda, K. and Fischer, A. and Coreno, M. and Stienkemeier, F. and Ovcharenko, Y. and Mazza, T. and Meyer, M.},
    month = mar,
    year = {2016},
    pages = {176--179}
}

@article{reiff_single-active_2020,
    title = {Single-active electron calculations of high-order harmonic generation from valence shells in atoms for quantitative comparison with {TDDFT} calculations},
    issn = {2399-6528},
    url = {http://iopscience.iop.org/10.1088/2399-6528/ab9a68},
    doi = {10.1088/2399-6528/ab9a68},
    language = {en},
    journal = {Journal of Physics Communications},
    author = {Reiff, Ran and Joyce, Tennesse and Jaron-Becker, Agnieszka and Becker, Andreas},
    year = {2020}
}

@misc{footnote,
  howpublished = "In this work we consider the case that ground and excited state have different magnetic quantum numbers ($m_g \ne m_e$). We note that for $m_g=m_e$ only the asymmetry parameters for odd $\gamma$ are applicable."
}

@misc{crosssec,
  howpublished = "The small discrepancy is due to the energy dependence of the  one- and two-photon cross sections."
}

@article{saffman_atomic_qubits2016,
    doi = {10.1088/0953-4075/49/20/202001},
    url = {https://doi.org/10.1088%2F0953-4075%2F49%2F20%2F202001},
    year = 2016,
    month = {oct},
    publisher = {{IOP} Publishing},
    volume = {49},
    number = {20},
    pages = {202001},
    author = {M Saffman},
    title = {Quantum computing with atomic qubits and Rydberg interactions: progress and challenges},
    journal = {Journal of Physics B: Atomic, Molecular and Optical Physics},
}

@article{mccormick_ion_2019,
    doi = {https://doi.org/10.1038/s41586-019-1421-y},
    year = 2019,
    publisher = {Nature},
    volume = {572},
    pages = {86},
    author = {McCormick, K. C. and Keller J. and Burd S. C. and Wineland D. J. and Wilson A. C. and Leibfried D.},
    title = {Quantum-enhanced sensing of a single-ion mechanical oscillator},
    journal = {Nature},
}

@article{PhysRevLett.108.033003,
  title = {Competition of Resonant and Nonresonant Paths in Resonance-Enhanced Two-Photon Single Ionization of He by an Ultrashort Extreme-Ultraviolet Pulse},
  author = {Ishikawa, Kenichi L. and Ueda, Kiyoshi},
  journal = {Phys. Rev. Lett.},
  volume = {108},
  issue = {3},
  pages = {033003},
  numpages = {5},
  year = {2012},
  month = {Jan},
  publisher = {American Physical Society},
  doi = {10.1103/PhysRevLett.108.033003},
  url = {https://link.aps.org/doi/10.1103/PhysRevLett.108.033003}
}

@article{goulielmakis_real-time_2010,
    title = {Real-time observation of valence electron motion},
    volume = {466},
    issn = {1476-4687},
    url = {https://www.nature.com/articles/nature09212},
    doi = {10.1038/nature09212},
    language = {en},
    number = {7307},
    urldate = {2020-06-07},
    journal = {Nature},
    author = {Goulielmakis, Eleftherios and Loh, Zhi-Heng and Wirth, Adrian and Santra, Robin and Rohringer, Nina and Yakovlev, Vladislav S. and Zherebtsov, Sergey and Pfeifer, Thomas and Azzeer, Abdallah M. and Kling, Matthias F. and Leone, Stephen R. and Krausz, Ferenc},
    month = aug,
    year = {2010},
    pages = {739--743}
}

@article{xie2012,
  title = {Attosecond Probe of Valence-Electron Wave Packets by Subcycle Sculpted Laser Fields},
  author = {Xie, Xinhua and Roither, Stefan and Kartashov, Daniil and Persson, Emil and Arb\'o, Diego G. and Zhang, Li and Gr\"afe, Stefanie and Sch\"offler, Markus S. and Burgd\"orfer, Joachim and Baltu\ifmmode \check{s}\else \v{s}\fi{}ka, Andrius and Kitzler, Markus},
  journal = {Phys. Rev. Lett.},
  volume = {108},
  issue = {19},
  pages = {193004},
  numpages = {5},
  year = {2012},
  month = {May},
  publisher = {American Physical Society},
  doi = {10.1103/PhysRevLett.108.193004},
  url = {https://link.aps.org/doi/10.1103/PhysRevLett.108.193004}
}


@article{isinger_photoionization_2017,
    title = {Photoionization in the time and frequency domain},
    volume = {358},
    issn = {0036-8075, 1095-9203},
    url = {https://science.sciencemag.org/content/358/6365/893},
    doi = {10.1126/science.aao7043},
    language = {en},
    number = {6365},
    urldate = {2020-06-07},
    journal = {Science},
    author = {Isinger, M. and Squibb, R. J. and Busto, D. and Zhong, S. and Harth, A. and Kroon, D. and Nandi, S. and Arnold, C. L. and Miranda, M. and Dahlström, J. M. and Lindroth, E. and Feifel, R. and Gisselbrecht, M. and L’Huillier, A.},
    month = nov,
    year = {2017},
    pmid = {29097491},
    pages = {893--896}
}

@article{ramasesha_real-time_2016,
    title = {Real-{Time} {Probing} of {Electron} {Dynamics} {Using} {Attosecond} {Time}-{Resolved} {Spectroscopy}},
    volume = {67},
    issn = {0066-426X},
    url = {https://www.annualreviews.org/doi/10.1146/annurev-physchem-040215-112025},
    doi = {10.1146/annurev-physchem-040215-112025},
    number = {1},
    journal = {Annual Review of Physical Chemistry},
    author = {Ramasesha, Krupa and Leone, Stephen R. and Neumark, Daniel M.},
    month = may,
    year = {2016},
    pages = {41--63}
}

@article{chini_generation_2014,
    title = {The generation, characterization and applications of broadband isolated attosecond pulses},
    volume = {8},
    issn = {1749-4893},
    url = {https://www.nature.com/articles/nphoton.2013.362},
    doi = {10.1038/nphoton.2013.362},
    language = {en},
    number = {3},
    urldate = {2020-06-07},
    journal = {Nature Photonics},
    author = {Chini, Michael and Zhao, Kun and Chang, Zenghu},
    month = mar,
    year = {2014},
    pages = {178--186}
}

@article{holler2011,
  title = {Attosecond Electron Wave-Packet Interference Observed by Transient Absorption},
  author = {Holler, M. and Schapper, F. and Gallmann, L. and Keller, U.},
  journal = {Phys. Rev. Lett.},
  volume = {106},
  issue = {12},
  pages = {123601},
  numpages = {4},
  year = {2011},
  month = {Mar},
  publisher = {American Physical Society},
  doi = {10.1103/PhysRevLett.106.123601},
  url = {https://link.aps.org/doi/10.1103/PhysRevLett.106.123601}
}

