
@Article{	  barreau2019,
  title		= {Disentangling Spectral Phases of Interfering Autoionizing
		  States from Attosecond Interferometric Measurements},
  author	= {Barreau, Lou and Petersson, C. Leon M. and Klinker, Markus
		  and Camper, Antoine and Marante, Carlos and Gorman, Timothy
		  and Kiesewetter, Dietrich and Argenti, Luca and Agostini,
		  Pierre and Gonz\'alez-V\'azquez, Jes\'us and Sali\`eres,
		  Pascal and DiMauro, Louis F. and Mart\'{\i}n, Fernando},
  journal	= {Phys. Rev. Lett.},
  volume	= {122},
  issue		= {25},
  pages		= {253203},
  numpages	= {6},
  year		= {2019},
  month		= {Jun},
  publisher	= {American Physical Society},
  doi		= {10.1103/PhysRevLett.122.253203},
  url		= {https://link.aps.org/doi/10.1103/PhysRevLett.122.253203}
}

@Article{	  beck2014,
  title		= {Attosecond transient absorption probing of electronic
		  superpositions of bound states in neon: detection of
		  quantum beats},
  volume	= {16},
  shorttitle	= {Attosecond transient absorption probing of electronic
		  superpositions of bound states in neon},
  url		= {https://doi.org/10.1088%2F1367-2630%2F16%2F11%2F113016},
  doi		= {10.1088/1367-2630/16/11/113016},
  language	= {en},
  number	= {11},
  journal	= {New Journal of Physics},
  author	= {Beck, Annelise R. and Bernhardt, Birgitta and Warrick,
		  Erika R. and Wu, Mengxi and Chen, Shaohao and Gaarde, Mette
		  B. and Schafer, Kenneth J. and Neumark, Daniel M. and
		  Leone, Stephen R.},
  month		= nov,
  year		= {2014},
  pages		= {113016}
}

@Article{	  boll2019,
  title		= {Angularly resolved two-photon above-threshold ionization
		  of helium},
  volume	= {99},
  url		= {https://link.aps.org/doi/10.1103/PhysRevA.99.023416},
  doi		= {10.1103/PhysRevA.99.023416},
  number	= {2},
  journal	= {Physical Review A},
  author	= {Boll, Diego I. R. and Fojón, Omar A. and McCurdy, C. W.
		  and Palacios, Alicia},
  month		= feb,
  year		= {2019},
  pages		= {023416}
}

@Article{	  bowering2001,
  title		= {Asymmetry in {Photoelectron} {Emission} from {Chiral}
		  {Molecules} {Induced} by {Circularly} {Polarized} {Light}},
  volume	= {86},
  url		= {https://link.aps.org/doi/10.1103/PhysRevLett.86.1187},
  doi		= {10.1103/PhysRevLett.86.1187},
  number	= {7},
  journal	= {Physical Review Letters},
  author	= {B\"owering, N. and Lischke, T. and Schmidtke, B. and
		  Müller, N. and Khalil, T. and Heinzmann, U.},
  month		= feb,
  year		= {2001},
  pages		= {1187--1190}
}

@Article{	  calegari2016,
  title		= {Advances in attosecond science},
  volume	= {49},
  url		= {https://doi.org/10.1088%2F0953-4075%2F49%2F6%2F062001},
  doi		= {10.1088/0953-4075/49/6/062001},
  language	= {en},
  number	= {6},
  journal	= {Journal of Physics B: Atomic, Molecular and Optical
		  Physics},
  author	= {Calegari, Francesca and Sansone, Giuseppe and Stagira,
		  Salvatore and Vozzi, Caterina and Nisoli, Mauro},
  month		= feb,
  year		= {2016},
  pages		= {062001}
}

@Article{	  cavalieri2007,
  title		= {Attosecond spectroscopy in condensed matter},
  volume	= {449},
  url		= {https://www.nature.com/articles/nature06229},
  doi		= {10.1038/nature06229},
  language	= {en},
  number	= {7165},
  journal	= {Nature},
  author	= {Cavalieri, A. L. and Müller, N. and Uphues, Th and
		  Yakovlev, V. S. and Baltuška, A. and Horvath, B. and
		  Schmidt, B. and Blümel, L. and Holzwarth, R. and Hendel,
		  S. and Drescher, M. and Kleineberg, U. and Echenique, P. M.
		  and Kienberger, R. and Krausz, F. and Heinzmann, U.},
  month		= oct,
  year		= {2007},
  pages		= {1029--1032}
}

@Article{	  chelkowski2002,
  title		= {Sensitivity of spatial photoelectron distributions to the
		  absolute phase of an ultrashort intense laser pulse},
  volume	= {65},
  url		= {https://link.aps.org/doi/10.1103/PhysRevA.65.061802},
  doi		= {10.1103/PhysRevA.65.061802},
  number	= {6},
  journal	= {Physical Review A},
  author	= {Chelkowski, Szczepan and Bandrauk, Andr\'e D.},
  month		= feb,
  year		= {2002},
  pages		= {061802}
}

@Article{	  chen2014,
  title		= {Generation of bright isolated attosecond soft {X}-ray
		  pulses driven by multicycle midinfrared lasers},
  volume	= {111},
  url		= {https://www.pnas.org/content/111/23/E2361},
  doi		= {10.1073/pnas.1407421111},
  number	= {23},
  journal	= {Proceedings of the National Academy of Sciences},
  author	= {Chen, Ming-Chang and Mancuso, Christopher and
		  Hernández-García, Carlos and Dollar, Franklin and
		  Galloway, Ben and Popmintchev, Dimitar and Huang, Pei-Chi
		  and Walker, Barry and Plaja, Luis and Jaroń-Becker,
		  Agnieszka A. and Becker, Andreas and Murnane, Margaret M.
		  and Kapteyn, Henry C. and Popmintchev, Tenio},
  year		= {2014},
  pages		= {E2361--E2367}
}

@Article{	  chini2014,
  title		= {The generation, characterization and applications of
		  broadband isolated attosecond pulses},
  volume	= {8},
  url		= {https://www.nature.com/articles/nphoton.2013.362},
  doi		= {10.1038/nphoton.2013.362},
  language	= {en},
  number	= {3},
  journal	= {Nature Photonics},
  author	= {Chini, Michael and Zhao, Kun and Chang, Zenghu},
  month		= mar,
  year		= {2014},
  pages		= {178--186}
}

@Article{	  cirelli2018,
  title		= {Anisotropic photoemission time delays close to a {Fano}
		  resonance},
  volume	= {9},
  url		= {https://www.nature.com/articles/s41467-018-03009-1},
  doi		= {10.1038/s41467-018-03009-1},
  language	= {en},
  number	= {1},
  journal	= {Nature Communications},
  author	= {Cirelli, Claudio and Marante, Carlos and Heuser, Sebastian
		  and Petersson, C. L. M. and Gal\'an, \'Alvaro Jim\'enez and
		  Argenti, Luca and Zhong, Shiyang and Busto, David and
		  Isinger, Marcus and Nandi, Saikat and Maclot, Sylvain and
		  Rading, Linnea and Johnsson, Per and Gisselbrecht, Mathieu
		  and Lucchini, Matteo and Gallmann, Lukas and Dahlstr\"om,
		  J. Marcus and Lindroth, Eva and L’Huillier, Anne and
		  Mart\'in, Fernando and Keller, Ursula},
  month		= mar,
  year		= {2018},
  pages		= {1--9}
}

@Article{	  dolmatov2015,
  title		= {Attosecond time delay in the photoionization of Mn in the
		  region of the
		  $3p\phantom{\rule{0.16em}{0ex}}\ensuremath{\rightarrow}\phantom{\rule{0.16em}{0ex}}3d$
		  giant resonance},
  author	= {Dolmatov, V. K. and Kheifets, A. S. and Deshmukh, P. C.
		  and Manson, S. T.},
  journal	= {Phys. Rev. A},
  volume	= {91},
  issue		= {5},
  pages		= {053415},
  numpages	= {7},
  year		= {2015},
  month		= {May},
  publisher	= {American Physical Society},
  doi		= {10.1103/PhysRevA.91.053415},
  url		= {https://link.aps.org/doi/10.1103/PhysRevA.91.053415}
}

@Article{	  douguet2016,
  title		= {Photoelectron angular distributions in bichromatic atomic
		  ionization induced by circularly polarized {VUV}
		  femtosecond pulses},
  volume	= {93},
  url		= {https://link.aps.org/doi/10.1103/PhysRevA.93.033402},
  doi		= {10.1103/PhysRevA.93.033402},
  number	= {3},
  journal	= {Physical Review A},
  author	= {Douguet, Nicolas and Grum-Grzhimailo, Alexei N. and
		  Gryzlova, Elena V. and Staroselskaya, Ekaterina I. and
		  Venzke, Joel and Bartschat, Klaus},
  month		= mar,
  year		= {2016},
  pages		= {033402}
}

@Article{	  eichmann1995,
  title		= {Polarization-dependent high-order two-color mixing},
  author	= {Eichmann, H. and Egbert, A. and Nolte, S. and Momma, C.
		  and Wellegehausen, B. and Becker, W. and Long, S. and
		  McIver, J. K.},
  journal	= {Phys. Rev. A},
  volume	= {51},
  issue		= {5},
  pages		= {R3414--R3417},
  numpages	= {0},
  year		= {1995},
  month		= {May},
  publisher	= {American Physical Society},
  doi		= {10.1103/PhysRevA.51.R3414},
  url		= {https://link.aps.org/doi/10.1103/PhysRevA.51.R3414}
}

@Article{	  fan2015,
  title		= {Bright circularly polarized soft {X}-ray high harmonics
		  for {X}-ray magnetic circular dichroism},
  volume	= {112},
  url		= {https://www.pnas.org/content/112/46/14206},
  doi		= {10.1073/pnas.1519666112},
  language	= {en},
  number	= {46},
  journal	= {Proceedings of the National Academy of Sciences},
  author	= {Fan, Tingting and Grychtol, Patrik and Knut, Ronny and
		  Hern\'andez-Garc\'ia, Carlos and Hickstein, Daniel D. and
		  Zusin, Dmitriy and Gentry, Christian and Dollar, Franklin
		  J. and Mancuso, Christopher A. and Hogle, Craig W. and
		  Kfir, Ofer and Legut, Dominik and Carva, Karel and Ellis,
		  Jennifer L. and Dorney, Kevin M. and Chen, Cong and
		  Shpyrko, Oleg G. and Fullerton, Eric E. and Cohen, Oren and
		  Oppeneer, Peter M. and Milo\u{s}evi\'c, Dejan B. and
		  Becker, Andreas and Jaro\'n-Becker, Agnieszka A. and
		  Popmintchev, Tenio and Murnane, Margaret M. and Kapteyn,
		  Henry C.},
  month		= nov,
  year		= {2015},
  pmid		= {26534992},
  keywords	= {high harmonics generation, magnetic material, phase
		  matching, ultrafast light science, X-rays},
  pages		= {14206--14211}
}

@Article{	  feist2011,
  title		= {Attosecond Two-Photon Interferometry for Doubly Excited
		  States of Helium},
  author	= {Feist, J. and Nagele, S. and Ticknor, C. and Schneider, B.
		  I. and Collins, L. A. and Burgd\"orfer, J.},
  journal	= {Phys. Rev. Lett.},
  volume	= {107},
  issue		= {9},
  pages		= {093005},
  numpages	= {5},
  year		= {2011},
  month		= {Aug},
  publisher	= {American Physical Society},
  doi		= {10.1103/PhysRevLett.107.093005},
  url		= {https://link.aps.org/doi/10.1103/PhysRevLett.107.093005}
}

@Article{	  fleischer2014,
  title		= {Spin angular momentum and tunable polarization in
		  high-harmonic generation},
  volume	= {8},
  url		= {https://www.nature.com/articles/nphoton.2014.108},
  doi		= {10.1038/nphoton.2014.108},
  language	= {en},
  number	= {7},
  journal	= {Nature Photonics},
  author	= {Fleischer, Avner and Kfir, Ofer and Diskin, Tzvi and
		  Sidorenko, Pavel and Cohen, Oren},
  month		= jul,
  year		= {2014},
  pages		= {543--549}
}

@Article{	  fornberg1988,
  issn		= {00255718, 10886842},
  url		= {http://www.jstor.org/stable/2008770},
  abstract	= {Simple recursions are derived for calculating the weights
		  in compact finite difference formulas for any order of
		  derivative and to any order of accuracy on one-dimensional
		  grids with arbitrary spacing. Tables are included for some
		  special cases (of equispaced grids).},
  author	= {Bengt Fornberg},
  journal	= {Mathematics of Computation},
  number	= {184},
  pages		= {699--706},
  publisher	= {American Mathematical Society},
  title		= {Generation of Finite Difference Formulas on Arbitrarily
		  Spaced Grids},
  volume	= {51},
  year		= {1988}
}

@Book{		  fornberg2015,
  author	= {Fornberg, Bengt and Flyer, Natasha},
  title		= {A Primer on Radial Basis Functions with Applications to
		  the Geosciences},
  publisher	= {Society for Industrial and Applied Mathematics},
  year		= {2015},
  doi		= {10.1137/1.9781611974041},
  address	= {Philadelphia, PA},
  edition	= {},
  url		= {https://locus.siam.org/doi/abs/10.1137/1.9781611974041},
  eprint	= {https://locus.siam.org/doi/pdf/10.1137/1.9781611974041}
}

@Article{	  garcia2013,
  title		= {Vibrationally induced inversion of photoelectron
		  forward-backward asymmetry in chiral molecule
		  photoionization by circularly polarized light},
  volume	= {4},
  url		= {https://www.nature.com/articles/ncomms3132},
  doi		= {10.1038/ncomms3132},
  language	= {en},
  number	= {1},
  journal	= {Nature Communications},
  author	= {Garcia, Gustavo A. and Nahon, Laurent and Daly, Steven and
		  Powis, Ivan},
  month		= jul,
  year		= {2013},
  pages		= {2132}
}

@Article{	  gong2017,
  title		= {Energy-Resolved Ultrashort Delays of Photoelectron
		  Emission Clocked by Orthogonal Two-Color Laser Fields},
  author	= {Gong, Xiaochun and Lin, Cheng and He, Feng and Song,
		  Qiying and Lin, Kang and Ji, Qinying and Zhang, Wenbin and
		  Ma, Junyang and Lu, Peifen and Liu, Yunquan and Zeng,
		  Heping and Yang, Weifeng and Wu, Jian},
  journal	= {Phys. Rev. Lett.},
  volume	= {118},
  issue		= {14},
  pages		= {143203},
  numpages	= {5},
  year		= {2017},
  month		= {Apr},
  publisher	= {American Physical Society},
  doi		= {10.1103/PhysRevLett.118.143203},
  url		= {https://link.aps.org/doi/10.1103/PhysRevLett.118.143203}
}

@Article{	  goulielmakis2010,
  title		= {Real-time observation of valence electron motion},
  volume	= {466},
  url		= {https://www.nature.com/articles/nature09212},
  doi		= {10.1038/nature09212},
  language	= {en},
  number	= {7307},
  journal	= {Nature},
  author	= {Goulielmakis, Eleftherios and Loh, Zhi-Heng and Wirth,
		  Adrian and Santra, Robin and Rohringer, Nina and Yakovlev,
		  Vladislav S. and Zherebtsov, Sergey and Pfeifer, Thomas and
		  Azzeer, Abdallah M. and Kling, Matthias F. and Leone,
		  Stephen R. and Krausz, Ferenc},
  month		= aug,
  year		= {2010},
  pages		= {739--743}
}

@Article{	  grum-grzhimailo2015,
  title		= {Interfering one-photon and two-photon ionization by
		  femtosecond {VUV} pulses in the region of an intermediate
		  resonance},
  volume	= {91},
  url		= {https://link.aps.org/doi/10.1103/PhysRevA.91.063418},
  doi		= {10.1103/PhysRevA.91.063418},
  number	= {6},
  journal	= {Physical Review A},
  author	= {Grum-Grzhimailo, Alexei N. and Gryzlova, Elena V. and
		  Staroselskaya, Ekaterina I. and Venzke, Joel and Bartschat,
		  Klaus},
  month		= jun,
  year		= {2015},
  pages		= {063418}
}

@Article{	  gruson2016,
  title		= {Attosecond dynamics through a {Fano} resonance:
		  {Monitoring} the birth of a photoelectron},
  volume	= {354},
  url		= {https://science.sciencemag.org/content/354/6313/734},
  doi		= {10.1126/science.aah5188},
  language	= {en},
  number	= {6313},
  journal	= {Science},
  author	= {Gruson, V. and Barreau, L. and Jim\'enez-Galan, \'a and
		  Risoud, F. and Caillat, J. and Maquet, A. and Carr\'e, B.
		  and Lepetit, F. and Hergott, J.-F. and Ruchon, T. and
		  Argenti, L. and Taïeb, R. and Mart\'in, F. and Salières, P.},
  month		= nov,
  year		= {2016},
  pmid		= {27846602},
  pages		= {734--738}
}

@Article{	  hassan2016,
  title		= {Optical attosecond pulses and tracking the nonlinear
		  response of bound electrons},
  volume	= {530},
  url		= {https://www.nature.com/articles/nature16528},
  doi		= {10.1038/nature16528},
  language	= {en},
  number	= {7588},
  journal	= {Nature},
  author	= {Hassan, M. Th and Luu, T. T. and Moulet, A. and
		  Raskazovskaya, O. and Zhokhov, P. and Garg, M. and
		  Karpowicz, N. and Zheltikov, A. M. and Pervak, V. and
		  Krausz, F. and Goulielmakis, E.},
  month		= feb,
  year		= {2016},
  pages		= {66--70}
}

@Article{	  he2018,
  title		= {Direct Visualization of Valence Electron Motion Using
		  Strong-Field Photoelectron Holography},
  author	= {He, Mingrui and Li, Yang and Zhou, Yueming and Li, Min and
		  Cao, Wei and Lu, Peixiang},
  journal	= {Phys. Rev. Lett.},
  volume	= {120},
  issue		= {13},
  pages		= {133204},
  numpages	= {6},
  year		= {2018},
  month		= {Mar},
  publisher	= {American Physical Society},
  doi		= {10.1103/PhysRevLett.120.133204},
  url		= {https://link.aps.org/doi/10.1103/PhysRevLett.120.133204}
}

@Article{	  he2007,
  title		= {Absorbing boundaries in numerical solutions of the
		  time-dependent Schr\"odinger equation on a grid using
		  exterior complex scaling},
  author	= {He, F. and Ruiz, C. and Becker, A.},
  journal	= {Phys. Rev. A},
  volume	= {75},
  issue		= {5},
  pages		= {053407},
  numpages	= {7},
  year		= {2007},
  month		= {May},
  publisher	= {American Physical Society},
  doi		= {10.1103/PhysRevA.75.053407},
  url		= {https://link.aps.org/doi/10.1103/PhysRevA.75.053407}
}

@Article{	  hickstein2015,
  title		= {Non-collinear generation of angularly isolated circularly
		  polarized high harmonics},
  volume	= {9},
  url		= {https://www.nature.com/articles/nphoton.2015.181},
  doi		= {10.1038/nphoton.2015.181},
  language	= {en},
  number	= {11},
  journal	= {Nature Photonics},
  author	= {Hickstein, Daniel D. and Dollar, Franklin J. and Grychtol,
		  Patrik and Ellis, Jennifer L. and Knut, Ronny and
		  Hern\'andez-Garc\'ia, Carlos and Zusin, Dmitriy and Gentry,
		  Christian and Shaw, Justin M. and Fan, Tingting and Dorney,
		  Kevin M. and Becker, Andreas and Jaro\'n-Becker, Agnieszka
		  and Kapteyn, Henry C. and Murnane, Margaret M. and Durfee,
		  Charles G.},
  month		= nov,
  year		= {2015},
  pages		= {743--750}
}

@Article{	  hockett2011,
  title		= {Time-resolved imaging of purely valence-electron dynamics
		  during a chemical reaction},
  volume	= {7},
  url		= {https://www.nature.com/articles/nphys1980},
  doi		= {10.1038/nphys1980},
  language	= {en},
  number	= {8},
  journal	= {Nature Physics},
  author	= {Hockett, Paul and Bisgaard, Christer Z. and Clarkin, Owen
		  J. and Stolow, Albert},
  month		= aug,
  year		= {2011},
  pages		= {612--615}
}

@Article{	  hofbrucker2018,
  title		= {Maximum Elliptical Dichroism in Atomic Two-Photon
		  Ionization},
  author	= {Hofbrucker, J. and Volotka, A. V. and Fritzsche, S.},
  journal	= {Phys. Rev. Lett.},
  volume	= {121},
  issue		= {5},
  pages		= {053401},
  numpages	= {6},
  year		= {2018},
  month		= {Jul},
  publisher	= {American Physical Society},
  doi		= {10.1103/PhysRevLett.121.053401},
  url		= {https://link.aps.org/doi/10.1103/PhysRevLett.121.053401}
}

@Article{	  holler2011,
  title		= {Attosecond Electron Wave-Packet Interference Observed by
		  Transient Absorption},
  author	= {Holler, M. and Schapper, F. and Gallmann, L. and Keller,
		  U.},
  journal	= {Phys. Rev. Lett.},
  volume	= {106},
  issue		= {12},
  pages		= {123601},
  numpages	= {4},
  year		= {2011},
  month		= {Mar},
  publisher	= {American Physical Society},
  doi		= {10.1103/PhysRevLett.106.123601},
  url		= {https://link.aps.org/doi/10.1103/PhysRevLett.106.123601}
}

@Article{	  hu2006,
  title		= {Attosecond Pump Probe: Exploring Ultrafast Electron Motion
		  inside an Atom},
  author	= {Hu, S. X. and Collins, L. A.},
  journal	= {Phys. Rev. Lett.},
  volume	= {96},
  issue		= {7},
  pages		= {073004},
  numpages	= {4},
  year		= {2006},
  month		= {Feb},
  publisher	= {American Physical Society},
  doi		= {10.1103/PhysRevLett.96.073004},
  url		= {https://link.aps.org/doi/10.1103/PhysRevLett.96.073004}
}

@Article{	  huang2018,
  title		= {Polarization control of isolated high-harmonic pulses},
  volume	= {12},
  url		= {https://www.nature.com/articles/s41566-018-0145-0},
  doi		= {10.1038/s41566-018-0145-0},
  language	= {en},
  number	= {6},
  journal	= {Nature Photonics},
  author	= {Huang, Pei-Chi and Hern\'andez-Garc\'ia, Carlos and Huang,
		  Jen-Ting and Huang, Po-Yao and Lu, Chih-Hsuan and Rego,
		  Laura and Hickstein, Daniel D. and Ellis, Jennifer L. and
		  Jaron-Becker, Agnieszka and Becker, Andreas and Yang,
		  Shang-Da and Durfee, Charles G. and Plaja, Luis and
		  Kapteyn, Henry C. and Murnane, Margaret M. and Kung, A. H.
		  and Chen, Ming-Chang},
  month		= jun,
  year		= {2018},
  pages		= {349--354}
}

@Article{	  ilchen2018,
  title		= {Symmetry breakdown of electron emission in extreme
		  ultraviolet photoionization of argon},
  volume	= {9},
  url		= {https://www.nature.com/articles/s41467-018-07152-7},
  doi		= {10.1038/s41467-018-07152-7},
  language	= {en},
  number	= {1},
  journal	= {Nature Communications},
  author	= {Ilchen, M. and Hartmann, G. and Gryzlova, E. V. and
		  Achner, A. and Allaria, E. and Beckmann, A. and Braune, M.
		  and Buck, J. and Callegari, C. and Coffee, R. N. and
		  Cucini, R. and Danailov, M. and De Fanis, A. and
		  Demidovich, A. and Ferrari, E. and Finetti, P. and Glaser,
		  L. and Knie, A. and Lindahl, A. O. and Plekan, O. and
		  Mahne, N. and Mazza, T. and Raimondi, L. and Roussel, E.
		  and Scholz, F. and Seltmann, J. and Shevchuk, I. and
		  Svetina, C. and Walter, P. and Zangrando, M. and Viefhaus,
		  J. and Grum-Grzhimailo, A. N. and Meyer, M.},
  month		= nov,
  year		= {2018},
  pages		= {4659}
}

@Article{	  isinger2017,
  title		= {Photoionization in the time and frequency domain},
  volume	= {358},
  url		= {https://science.sciencemag.org/content/358/6365/893},
  doi		= {10.1126/science.aao7043},
  language	= {en},
  number	= {6365},
  journal	= {Science},
  author	= {Isinger, M. and Squibb, R. J. and Busto, D. and Zhong, S.
		  and Harth, A. and Kroon, D. and Nandi, S. and Arnold, C. L.
		  and Miranda, M. and Dahlstr\"om, J. M. and Lindroth, E. and
		  Feifel, R. and Gisselbrecht, M. and L’Huillier, A.},
  month		= nov,
  year		= {2017},
  pmid		= {29097491},
  pages		= {893--896}
}

@Article{	  jiang2020,
  title		= {Theory of bound-state coherences generated and probed by
		  optical attosecond pulses},
  author	= {Jiang, Wei-Chao and Tong, Xiao-Min and Pazourek, Renate
		  and Nagele, Stefan and Burgd\"orfer, Joachim},
  journal	= {Phys. Rev. A},
  volume	= {101},
  issue		= {5},
  pages		= {053435},
  numpages	= {12},
  year		= {2020},
  month		= {May},
  publisher	= {American Physical Society},
  doi		= {10.1103/PhysRevA.101.053435},
  url		= {https://link.aps.org/doi/10.1103/PhysRevA.101.053435}
}

@Article{	  jimenez2014,
  title		= {Modulation of Attosecond Beating in Resonant Two-Photon
		  Ionization},
  author	= {Jim\'enez-Gal\'an, \'Alvaro and Argenti, Luca and
		  Mart\'{\i}n, Fernando},
  journal	= {Phys. Rev. Lett.},
  volume	= {113},
  issue		= {26},
  pages		= {263001},
  numpages	= {6},
  year		= {2014},
  month		= {Dec},
  publisher	= {American Physical Society},
  doi		= {10.1103/PhysRevLett.113.263001},
  url		= {https://link.aps.org/doi/10.1103/PhysRevLett.113.263001}
}

@Article{	  kaldun2016,
  title		= {Observing the ultrafast buildup of a {Fano} resonance in
		  the time domain},
  volume	= {354},
  url		= {https://science.sciencemag.org/content/354/6313/738},
  doi		= {10.1126/science.aah6972},
  language	= {en},
  number	= {6313},
  journal	= {Science},
  author	= {Kaldun, A. and Bl\"attermann, A. and StooB, V. and Donsa,
		  S. and Wei, H. and Pazourek, R. and Nagele, S. and Ott, C.
		  and Lin, C. D. and Burgd\"orfer, J. and Pfeifer, T.},
  month		= nov,
  year		= {2016},
  pmid		= {27846603},
  pages		= {738--741}
}

@Article{	  kim2012,
  title		= {Amplitude and Phase Reconstruction of Electron Wave
		  Packets for Probing Ultrafast Photoionization Dynamics},
  author	= {Kim, Kyung Taec and Ko, Dong Hyuk and Park, Juyun and
		  Choi, Nark Nyul and Kim, Chul Min and Ishikawa, Kenichi L.
		  and Lee, Jongmin and Nam, Chang Hee},
  journal	= {Phys. Rev. Lett.},
  volume	= {108},
  issue		= {9},
  pages		= {093001},
  numpages	= {5},
  year		= {2012},
  month		= {Feb},
  publisher	= {American Physical Society},
  doi		= {10.1103/PhysRevLett.108.093001},
  url		= {https://link.aps.org/doi/10.1103/PhysRevLett.108.093001}
}

@Article{	  klunder2011,
  title		= {Probing Single-Photon Ionization on the Attosecond Time
		  Scale},
  author	= {Kl\"under, K. and Dahlstr\"om, J. M. and Gisselbrecht, M.
		  and Fordell, T. and Swoboda, M. and Gu\'enot, D. and
		  Johnsson, P. and Caillat, J. and Mauritsson, J. and Maquet,
		  A. and Ta\"{\i}eb, R. and L'Huillier, A.},
  journal	= {Phys. Rev. Lett.},
  volume	= {106},
  issue		= {14},
  pages		= {143002},
  numpages	= {4},
  year		= {2011},
  month		= {Apr},
  publisher	= {American Physical Society},
  doi		= {10.1103/PhysRevLett.106.143002},
  url		= {https://link.aps.org/doi/10.1103/PhysRevLett.106.143002}
}

@Article{	  klunder2013,
  title		= {Reconstruction of attosecond electron wave packets using
		  quantum state holography},
  author	= {Kl\"under, K. and Johnsson, P. and Swoboda, M. and
		  L'Huillier, A. and Sansone, G. and Nisoli, M. and Vrakking,
		  M. J. J. and Schafer, K. J. and Mauritsson, J.},
  journal	= {Phys. Rev. A},
  volume	= {88},
  issue		= {3},
  pages		= {033404},
  numpages	= {6},
  year		= {2013},
  month		= {Sep},
  publisher	= {American Physical Society},
  doi		= {10.1103/PhysRevA.88.033404},
  url		= {https://link.aps.org/doi/10.1103/PhysRevA.88.033404}
}

@Article{	  kotur2016,
  title		= {Spectral phase measurement of a {Fano} resonance using
		  tunable attosecond pulses},
  volume	= {7},
  url		= {https://www.nature.com/articles/ncomms10566},
  doi		= {10.1038/ncomms10566},
  language	= {en},
  number	= {1},
  journal	= {Nature Communications},
  author	= {Kotur, M. and Gu\'enot, D. and Jim\'enez-Gal\'an, \'a and
		  Kroon, D. and Larsen, E. W. and Louisy, M. and Bengtsson,
		  S. and Miranda, M. and Mauritsson, J. and Arnold, C. L. and
		  Canton, S. E. and Gisselbrecht, M. and Carette, T. and
		  Dahlstr\"om, J. M. and Lindroth, E. and Maquet, A. and
		  Argenti, L. and Mart\'in, F. and L’Huillier, A.},
  month		= feb,
  year		= {2016},
  pages		= {10566}
}

@Article{	  ma2013,
  title		= {Photoelectron angular distributions for the two-photon
		  ionization of helium by ultrashort extreme ultraviolet
		  free-electron laser pulses},
  volume	= {46},
  url		= {https://doi.org/10.1088%2F0953-4075%2F46%2F16%2F164018},
  doi		= {10.1088/0953-4075/46/16/164018},
  language	= {en},
  number	= {16},
  journal	= {Journal of Physics B: Atomic, Molecular and Optical
		  Physics},
  author	= {Ma, R. and Motomura, K. and Ishikawa, K. L. and Mondal, S.
		  and Fukuzawa, H. and Yamada, A. and Ueda, K. and Nagaya, K.
		  and Yase, S. and Mizoguchi, Y. and Yao, M. and Rouze, A.
		  and Hundermark, A. and Vrakking, M. J. J. and Johnsson, P.
		  and Nagasono, M. and Tono, K. and Togashi, T. and Senba, Y.
		  and Ohashi, H. and Yabashi, M. and Ishikawa, T.},
  month		= aug,
  year		= {2013},
  pages		= {164018}
}

@Article{	  mansson2014,
  title		= {Double ionization probed on the attosecond timescale},
  volume	= {10},
  url		= {https://www.nature.com/articles/nphys2880},
  doi		= {10.1038/nphys2880},
  language	= {en},
  number	= {3},
  journal	= {Nature Physics},
  author	= {M\r{a}nsson, Erik P. and Gu\'enot, Diego and Arnold, Cord
		  L. and Kroon, David and Kasper, Susan and Dahlstr\"om, J.
		  Marcus and Lindroth, Eva and Kheifets, Anatoli S. and
		  L’Huillier, Anne and Sorensen, Stacey L. and
		  Gisselbrecht, Mathieu},
  month		= mar,
  year		= {2014},
  pages		= {207--211}
}

@Article{	  maulbetsch1992,
  title		= {Asymmetry parameter for double photoionization},
  volume	= {68},
  url		= {https://link.aps.org/doi/10.1103/PhysRevLett.68.2004},
  doi		= {10.1103/PhysRevLett.68.2004},
  number	= {13},
  journal	= {Physical Review Letters},
  author	= {Maulbetsch, F. and Briggs, J. S.},
  month		= mar,
  year		= {1992},
  pages		= {2004--2006}
}

@Article{	  mauritsson2010,
  title		= {Attosecond Electron Spectroscopy Using a Novel
		  Interferometric Pump-Probe Technique},
  author	= {Mauritsson, J. and Remetter, T. and Swoboda, M. and
		  Kl\"under, K. and L'Huillier, A. and Schafer, K. J. and
		  Ghafur, O. and Kelkensberg, F. and Siu, W. and Johnsson, P.
		  and Vrakking, M. J. J. and Znakovskaya, I. and Uphues, T.
		  and Zherebtsov, S. and Kling, M. F. and L\'epine, F. and
		  Benedetti, E. and Ferrari, F. and Sansone, G. and Nisoli,
		  M.},
  journal	= {Phys. Rev. Lett.},
  volume	= {105},
  issue		= {5},
  pages		= {053001},
  numpages	= {4},
  year		= {2010},
  month		= {Jul},
  publisher	= {American Physical Society},
  doi		= {10.1103/PhysRevLett.105.053001},
  url		= {https://link.aps.org/doi/10.1103/PhysRevLett.105.053001}
}

@Article{	  mazza2014,
  title		= {Determining the polarization state of an extreme
		  ultraviolet free-electron laser beam using atomic circular
		  dichroism},
  volume	= {5},
  url		= {https://www.nature.com/articles/ncomms4648},
  doi		= {10.1038/ncomms4648},
  language	= {en},
  number	= {1},
  journal	= {Nature Communications},
  author	= {Mazza, T. and Ilchen, M. and Rafipoor, A. J. and
		  Callegari, C. and Finetti, P. and Plekan, O. and Prince, K.
		  C. and Richter, R. and Danailov, M. B. and Demidovich, A.
		  and Ninno, G. De and Grazioli, C. and Ivanov, R. and Mahne,
		  N. and Raimondi, L. and Svetina, C. and Avaldi, L. and
		  Bolognesi, P. and Coreno, M. and O'Keeffe, P. and Fraia, M.
		  Di and Devetta, M. and Ovcharenko, Y. and M\"oller, Th and
		  Lyamayev, V. and Stienkemeier, F. and Düsterer, S. and
		  Ueda, K. and Costello, J. T. and Kazansky, A. K. and
		  Kabachnik, N. M. and Meyer, M.},
  month		= apr,
  year		= {2014},
  pages		= {1--6}
}

@Article{	  mccormick2019,
  doi		= {https://doi.org/10.1038/s41586-019-1421-y},
  year		= 2019,
  publisher	= {Nature},
  volume	= {572},
  pages		= {86},
  author	= {McCormick, K. C. and Keller J. and Burd S. C. and Wineland
		  D. J. and Wilson A. C. and Leibfried D.},
  title		= {Quantum-enhanced sensing of a single-ion mechanical
		  oscillator},
  journal	= {Nature}
}

@Article{	  muller2002,
  title		= {Reconstruction of attosecond harmonic beating by
		  interference of two-photon transitions},
  volume	= {74},
  url		= {https://link.springer.com/article/10.1007/s00340-002-0894-8},
  doi		= {10.1007/s00340-002-0894-8},
  language	= {en},
  number	= {1},
  journal	= {Applied Physics B},
  author	= {Muller, H. G.},
  month		= jun,
  year		= {2002},
  pages		= {s17--s21}
}

@Article{	  ott2014,
  title		= {Reconstruction and control of a time-dependent
		  two-electron wave packet},
  volume	= {516},
  url		= {https://www.nature.com/articles/nature14026},
  doi		= {10.1038/nature14026},
  language	= {en},
  number	= {7531},
  journal	= {Nature},
  author	= {Ott, Christian and Kaldun, Andreas and Argenti, Luca and
		  Raith, Philipp and Meyer, Kristina and Laux, Martin and
		  Zhang, Yizhu and Bl\"attermann, Alexander and Hagstotz,
		  Steffen and Ding, Thomas and Heck, Robert and Madroñero,
		  Javier and Mart\'in, Fernando and Pfeifer, Thomas},
  month		= dec,
  year		= {2014},
  pages		= {374--378}
}

@Article{	  paul2001,
  title		= {Observation of a {Train} of {Attosecond} {Pulses} from
		  {High} {Harmonic} {Generation}},
  volume	= {292},
  url		= {https://science.sciencemag.org/content/292/5522/1689},
  doi		= {10.1126/science.1059413},
  language	= {en},
  number	= {5522},
  journal	= {Science},
  author	= {Paul, P. M. and Toma, E. S. and Breger, P. and Mullot, G.
		  and Aug\'e, F. and Balcou, Ph and Muller, H. G. and
		  Agostini, P.},
  month		= jun,
  year		= {2001},
  pmid		= {11387467},
  pages		= {1689--1692}
}

@Article{	  pazourek2012,
  title		= {Attosecond Streaking of Correlated Two-Electron
		  Transitions in Helium},
  author	= {Pazourek, Renate and Feist, Johannes and Nagele, Stefan
		  and Burgd\"orfer, Joachim},
  journal	= {Phys. Rev. Lett.},
  volume	= {108},
  issue		= {16},
  pages		= {163001},
  numpages	= {5},
  year		= {2012},
  month		= {Apr},
  publisher	= {American Physical Society},
  doi		= {10.1103/PhysRevLett.108.163001},
  url		= {https://link.aps.org/doi/10.1103/PhysRevLett.108.163001}
}

@Article{	  pazourek2015,
  title		= {Attosecond chronoscopy of photoemission},
  author	= {Pazourek, Renate and Nagele, Stefan and Burgd\"orfer,
		  Joachim},
  journal	= {Rev. Mod. Phys.},
  volume	= {87},
  issue		= {3},
  pages		= {765--802},
  numpages	= {38},
  year		= {2015},
  month		= {Aug},
  publisher	= {American Physical Society},
  doi		= {10.1103/RevModPhys.87.765},
  url		= {https://link.aps.org/doi/10.1103/RevModPhys.87.765}
}

@Article{	  peng2019,
  title		= {Attosecond imaging of molecules using high harmonic
		  spectroscopy},
  volume	= {1},
  url		= {https://www.nature.com/articles/s42254-018-0015-1},
  doi		= {10.1038/s42254-018-0015-1},
  language	= {en},
  number	= {2},
  journal	= {Nature Reviews Physics},
  author	= {Peng, Peng and Marceau, Claude and Villeneuve, David M.},
  month		= feb,
  year		= {2019},
  pages		= {144--155}
}

@Article{	  pfeiffer2011,
  title		= {Timing the release in sequential double ionization},
  volume	= {7},
  url		= {https://www.nature.com/articles/nphys1946},
  doi		= {10.1038/nphys1946},
  language	= {en},
  number	= {5},
  journal	= {Nature Physics},
  author	= {Pfeiffer, Adrian N. and Cirelli, Claudio and Smolarski,
		  Mathias and D\"orner, Reinhard and Keller, Ursula},
  month		= may,
  year		= {2011},
  pages		= {428--433}
}

@Article{	  Ishikawa2012,
  title		= {Competition of Resonant and Nonresonant Paths in
		  Resonance-Enhanced Two-Photon Single Ionization of He by an
		  Ultrashort Extreme-Ultraviolet Pulse},
  author	= {Ishikawa, Kenichi L. and Ueda, Kiyoshi},
  journal	= {Phys. Rev. Lett.},
  volume	= {108},
  issue		= {3},
  pages		= {033003},
  numpages	= {5},
  year		= {2012},
  month		= {Jan},
  publisher	= {American Physical Society},
  doi		= {10.1103/PhysRevLett.108.033003},
  url		= {https://link.aps.org/doi/10.1103/PhysRevLett.108.033003}
}

@Article{	  popmintchev2010,
  title		= {The attosecond nonlinear optics of bright coherent {X}-ray
		  generation},
  volume	= {4},
  url		= {https://doi.org/10.1038/nphoton.2010.256},
  doi		= {10.1038/nphoton.2010.256},
  journal	= {Nature Photonics},
  author	= {Popmintchev, Tenio and Chen, Ming-Chang and Arpin, Paul
		  and Murnane, Margaret M. and Kapteyn, Henry C.},
  year		= {2010},
  pages		= {822}
}

@Article{	  priebe2017,
  title		= {Attosecond electron pulse trains and quantum state
		  reconstruction in ultrafast transmission electron
		  microscopy},
  volume	= {11},
  url		= {https://www.nature.com/articles/s41566-017-0045-8},
  doi		= {10.1038/s41566-017-0045-8},
  language	= {en},
  number	= {12},
  journal	= {Nature Photonics},
  author	= {Priebe, Katharina E. and Rathje, Christopher and Yalunin,
		  Sergey V. and Hohage, Thorsten and Feist, Armin and
		  Sch\"afer, Sascha and Ropers, Claus},
  month		= dec,
  year		= {2017},
  pages		= {793--797}
}

@Article{	  prince2016,
  title		= {Coherent control with a short-wavelength free-electron
		  laser},
  volume	= {10},
  doi		= {10.1038/nphoton.2016.13},
  language	= {en},
  number	= {3},
  journal	= {Nature Photonics},
  author	= {Prince, K. C. and Allaria, E. and Callegari, C. and
		  Cucini, R. and De Ninno, G. and Di Mitri, S. and Diviacco,
		  B. and Ferrari, E. and Finetti, P. and Gauthier, D. and
		  Giannessi, L. and Mahne, N. and Penco, G. and Plekan, O.
		  and Raimondi, L. and Rebernik, P. and Roussel, E. and
		  Svetina, C. and Trovò, M. and Zangrando, M. and Negro, M.
		  and Carpeggiani, P. and Reduzzi, M. and Sansone, G. and
		  Grum-Grzhimailo, A. N. and Gryzlova, E. V. and Strakhova,
		  S. I. and Bartschat, K. and Douguet, N. and Venzke, J. and
		  Iablonskyi, D. and Kumagai, Y. and Takanashi, T. and Ueda,
		  K. and Fischer, A. and Coreno, M. and Stienkemeier, F. and
		  Ovcharenko, Y. and Mazza, T. and Meyer, M.},
  month		= mar,
  year		= {2016},
  pages		= {176--179}
}

@Article{	  ramasesha2016,
  title		= {Real-{Time} {Probing} of {Electron} {Dynamics} {Using}
		  {Attosecond} {Time}-{Resolved} {Spectroscopy}},
  volume	= {67},
  url		= {https://www.annualreviews.org/doi/10.1146/annurev-physchem-040215-112025},
  doi		= {10.1146/annurev-physchem-040215-112025},
  number	= {1},
  journal	= {Annual Review of Physical Chemistry},
  author	= {Ramasesha, Krupa and Leone, Stephen R. and Neumark, Daniel
		  M.},
  month		= may,
  year		= {2016},
  pages		= {41--63}
}

@Article{	  reiff2020,
  title		= {Single-active electron calculations of high-order harmonic
		  generation from valence shells in atoms for quantitative
		  comparison with {TDDFT} calculations},
  url		= {http://iopscience.iop.org/10.1088/2399-6528/ab9a68},
  doi		= {10.1088/2399-6528/ab9a68},
  language	= {en},
  journal	= {Journal of Physics Communications},
  author	= {Reiff, Ran and Joyce, Tennesse and Jaron-Becker, Agnieszka
		  and Becker, Andreas},
  year		= {2020}
}

@Article{	  remetter2006,
  title		= {Attosecond electron wave packet interferometry},
  volume	= {2},
  url		= {https://www.nature.com/articles/nphys290},
  doi		= {10.1038/nphys290},
  language	= {en},
  number	= {5},
  journal	= {Nature Physics},
  author	= {Remetter, T. and Johnsson, P. and Mauritsson, J. and
		  Varjú, K. and Ni, Y. and L\'epine, F. and Gustafsson, E.
		  and Kling, M. and Khan, J. and López-Martens, R. and
		  Schafer, K. J. and Vrakking, M. J. J. and L’Huillier, A.},
  month		= may,
  year		= {2006},
  pages		= {323--326}
}

@Article{	  sabbar2015,
  title		= {Resonance Effects in Photoemission Time Delays},
  author	= {Sabbar, M. and Heuser, S. and Boge, R. and Lucchini, M.
		  and Carette, T. and Lindroth, E. and Gallmann, L. and
		  Cirelli, C. and Keller, U.},
  journal	= {Phys. Rev. Lett.},
  volume	= {115},
  issue		= {13},
  pages		= {133001},
  numpages	= {5},
  year		= {2015},
  month		= {Sep},
  publisher	= {American Physical Society},
  doi		= {10.1103/PhysRevLett.115.133001},
  url		= {https://link.aps.org/doi/10.1103/PhysRevLett.115.133001}
}

@Article{	  saffman2016,
  doi		= {10.1088/0953-4075/49/20/202001},
  url		= {https://doi.org/10.1088%2F0953-4075%2F49%2F20%2F202001},
  year		= 2016,
  month		= {oct},
  publisher	= {{IOP} Publishing},
  volume	= {49},
  number	= {20},
  pages		= {202001},
  author	= {M Saffman},
  title		= {Quantum computing with atomic qubits and Rydberg
		  interactions: progress and challenges},
  journal	= {Journal of Physics B: Atomic, Molecular and Optical
		  Physics}
}

@Article{	  schultze2010,
  title		= {Delay in {Photoemission}},
  volume	= {328},
  url		= {https://science.sciencemag.org/content/328/5986/1658},
  doi		= {10.1126/science.1189401},
  language	= {en},
  number	= {5986},
  journal	= {Science},
  author	= {Schultze, M. and Fieß, M. and Karpowicz, N. and Gagnon,
		  J. and Korbman, M. and Hofstetter, M. and Neppl, S. and
		  Cavalieri, A. L. and Komninos, Y. and Mercouris, Th and
		  Nicolaides, C. A. and Pazourek, R. and Nagele, S. and
		  Feist, J. and Burgd\"orfer, J. and Azzeer, A. M. and
		  Ernstorfer, R. and Kienberger, R. and Kleineberg, U. and
		  Goulielmakis, E. and Krausz, F. and Yakovlev, V. S.},
  month		= jun,
  year		= {2010},
  pmid		= {20576884},
  pages		= {1658--1662}
}

@Article{	  scrinzi2010,
  title		= {Infinite-range exterior complex scaling as a perfect
		  absorber in time-dependent problems},
  author	= {Scrinzi, Armin},
  journal	= {Phys. Rev. A},
  volume	= {81},
  issue		= {5},
  pages		= {053845},
  numpages	= {10},
  year		= {2010},
  month		= {May},
  publisher	= {American Physical Society},
  doi		= {10.1103/PhysRevA.81.053845},
  url		= {https://link.aps.org/doi/10.1103/PhysRevA.81.053845}
}

@Article{	  seddon2017,
  title		= {Short-wavelength free-electron laser sources and science:
		  a review},
  volume	= {80},
  url		= {https://doi.org/10.1088%2F1361-6633%2Faa7cca},
  doi		= {10.1088/1361-6633/aa7cca},
  number	= {11},
  journal	= {Reports on Progress in Physics},
  author	= {Seddon, E. A. and Clarke, J. A. and Dunning, D. J. and
		  Masciovecchio, C. and Milne, C. J. and Parmigiani, F. and
		  Rugg, D. and Spence, J. C. H. and Thompson, N. R. and Ueda,
		  K. and Vinko, S. M. and Wark, J. S. and Wurth, W.},
  month		= oct,
  year		= {2017},
  pages		= {115901}
}

@Article{	  spezzani2011,
  title		= {Coherent Light with Tunable Polarization from Single-Pass
		  Free-Electron Lasers},
  author	= {Spezzani, C. and Allaria, E. and Coreno, M. and Diviacco,
		  B. and Ferrari, E. and Geloni, G. and Karantzoulis, E. and
		  Mahieu, B. and Vento, M. and De Ninno, G.},
  journal	= {Phys. Rev. Lett.},
  volume	= {107},
  issue		= {8},
  pages		= {084801},
  numpages	= {4},
  year		= {2011},
  month		= {Aug},
  publisher	= {American Physical Society},
  doi		= {10.1103/PhysRevLett.107.084801},
  url		= {https://link.aps.org/doi/10.1103/PhysRevLett.107.084801}
}

@Article{	  su2015,
  title		= {Time Delays in Two-Photon Ionization},
  author	= {Su, Jing and Ni, Hongcheng and Jaro\ifmmode \acute{n}\else
		  \'{n}\fi{}-Becker, Agnieszka and Becker, Andreas},
  journal	= {Phys. Rev. Lett.},
  volume	= {113},
  issue		= {26},
  pages		= {263002},
  numpages	= {5},
  year		= {2014},
  month		= {Dec},
  publisher	= {American Physical Society},
  doi		= {10.1103/PhysRevLett.113.263002},
  url		= {https://link.aps.org/doi/10.1103/PhysRevLett.113.263002}
}

@Article{	  tao2016,
  title		= {Direct time-domain observation of attosecond final-state
		  lifetimes in photoemission from solids},
  volume	= {353},
  issn		= {0036-8075, 1095-9203},
  url		= {https://science.sciencemag.org/content/353/6294/62},
  doi		= {10.1126/science.aaf6793},
  language	= {en},
  number	= {6294},
  urldate	= {2020-06-05},
  journal	= {Science},
  author	= {Tao, Zhensheng and Chen, Cong and Szilvási, Tibor and
		  Keller, Mark and Mavrikakis, Manos and Kapteyn, Henry and
		  Murnane, Margaret},
  month		= jul,
  year		= {2016},
  pmid		= {27256880},
  pages		= {62--67}
}

@Article{	  venzke2018_Central,
  title		= {Central frequency of few-cycle laser pulses in
		  strong-field processes},
  volume	= {98},
  url		= {https://link.aps.org/doi/10.1103/PhysRevA.98.063409},
  doi		= {10.1103/PhysRevA.98.063409},
  number	= {6},
  journal	= {Physical Review A},
  author	= {Venzke, J. and Joyce, T. and Xue, Z. and Becker, A. and
		  Jaron-Becker, A.},
  month		= dec,
  year		= {2018},
  pages		= {063409}
}

@Article{	  venzke2020_ionization,
  title		= {Ionization of helium by an ultrashort extreme-ultraviolet
		  laser pulse},
  volume	= {53},
  url		= {https://doi.org/10.1088%2F1361-6455%2Fab728c},
  doi		= {10.1088/1361-6455/ab728c},
  language	= {en},
  number	= {8},
  journal	= {Journal of Physics B: Atomic, Molecular and Optical
		  Physics},
  author	= {Venzke, J. and Jaroń-Becker, A. and Becker, A.},
  month		= apr,
  year		= {2020},
  pages		= {085602}
}

@Article{	  vrakking2014,
  title		= {Attosecond imaging},
  volume	= {16},
  url		= {https://pubs.rsc.org/en/content/articlelanding/2014/cp/c3cp53659a},
  doi		= {10.1039/C3CP53659A},
  language	= {en},
  number	= {7},
  journal	= {Physical Chemistry Chemical Physics},
  author	= {Vrakking, Marc J. J.},
  month		= jan,
  year		= {2014},
  pages		= {2775--2789}
}

@Article{	  walt2017,
  title		= {Dynamics of valence-shell electrons and nuclei probed by
		  strong-field holography and rescattering},
  volume	= {8},
  url		= {https://www.nature.com/articles/ncomms15651},
  doi		= {10.1038/ncomms15651},
  language	= {en},
  number	= {1},
  journal	= {Nature Communications},
  author	= {Walt, Samuel G. and Ram, Niraghatam Bhargava and Atala,
		  Marcos and Shvetsov-Shilovski, Nikolay I. and Conta, Aaron
		  von and Baykusheva, Denitsa and Lein, Manfred and W\"orner,
		  Hans Jakob},
  month		= jun,
  year		= {2017},
  pages		= {1--8}
}

@Article{	  wang2019,
  title		= {Time-dependent perturbation theory beyond the dipole
		  approximation for two-photon ionization of atoms},
  volume	= {99},
  url		= {https://link.aps.org/doi/10.1103/PhysRevA.99.023407},
  doi		= {10.1103/PhysRevA.99.023407},
  number	= {2},
  journal	= {Physical Review A},
  author	= {Wang, Mu-Xue and Liang, Hao and Xiao, Xiang-Ru and Chen,
		  Si-Ge and Peng, Liang-You},
  month		= feb,
  year		= {2019},
  pages		= {023407}
}

@Misc{		  womersley2007,
  author	= {Womersley RS and Sloan IH},
  title		= {Interpolation and cubature on the sphere},
  howpublished	= {\url{http://web.maths.unsw.edu.au/~rsw/Sphere/}},
  year		= {2007}
}

@Article{	  xie2012,
  title		= {Attosecond Probe of Valence-Electron Wave Packets by
		  Subcycle Sculpted Laser Fields},
  author	= {Xie, Xinhua and Roither, Stefan and Kartashov, Daniil and
		  Persson, Emil and Arb\'o, Diego G. and Zhang, Li and
		  Gr\"afe, Stefanie and Sch\"offler, Markus S. and
		  Burgd\"orfer, Joachim and Baltu\ifmmode \check{s}\else
		  \v{s}\fi{}ka, Andrius and Kitzler, Markus},
  journal	= {Phys. Rev. Lett.},
  volume	= {108},
  issue		= {19},
  pages		= {193004},
  numpages	= {5},
  year		= {2012},
  month		= {May},
  publisher	= {American Physical Society},
  doi		= {10.1103/PhysRevLett.108.193004},
  url		= {https://link.aps.org/doi/10.1103/PhysRevLett.108.193004}
}

@Article{	  xu2016,
  title		= {Time-resolved molecular imaging},
  volume	= {49},
  url		= {https://doi.org/10.1088%2F0953-4075%2F49%2F11%2F112001},
  doi		= {10.1088/0953-4075/49/11/112001},
  language	= {en},
  number	= {11},
  journal	= {Journal of Physics B: Atomic, Molecular and Optical
		  Physics},
  author	= {Xu, Junliang and Blaga, Cosmin I. and Agostini, Pierre and
		  DiMauro, Louis F.},
  month		= may,
  year		= {2016},
  pages		= {112001}
}

@Article{	  yin1992,
  title		= {Asymmetric photoelectron angular distributions from
		  interfering photoionization processes},
  volume	= {69},
  url		= {https://link.aps.org/doi/10.1103/PhysRevLett.69.2353},
  doi		= {10.1103/PhysRevLett.69.2353},
  number	= {16},
  journal	= {Physical Review Letters},
  author	= {Yin, Yi-Yian and Chen, Ce and Elliott, D. S. and Smith, A.
		  V.},
  month		= oct,
  year		= {1992},
  pages		= {2353--2356}
}

@Article{	  young2018,
  title		= {Roadmap of ultrafast x-ray atomic and molecular physics},
  volume	= {51},
  url		= {https://doi.org/10.1088%2F1361-6455%2Faa9735},
  doi		= {10.1088/1361-6455/aa9735},
  language	= {en},
  number	= {3},
  journal	= {Journal of Physics B: Atomic, Molecular and Optical
		  Physics},
  author	= {Young, Linda and Ueda, Kiyoshi and Gühr, Markus and
		  Bucksbaum, Philip H. and Simon, Marc and Mukamel, Shaul and
		  Rohringer, Nina and Prince, Kevin C. and Masciovecchio,
		  Claudio and Meyer, Michael and Rudenko, Artem and Rolles,
		  Daniel and Bostedt, Christoph and Fuchs, Matthias and Reis,
		  David A. and Santra, Robin and Kapteyn, Henry and Murnane,
		  Margaret and Ibrahim, Heide and L\'egar\'e, François and
		  Vrakking, Marc and Isinger, Marcus and Kroon, David and
		  Gisselbrecht, Mathieu and L'Huillier, Anne and W\"orner,
		  Hans Jakob and Leone, Stephen R.},
  month		= jan,
  year		= {2018},
  pages		= {032003}
}

@Article{	  zhao2012,
  author	= {Kun Zhao and Qi Zhang and Michael Chini and Yi Wu and
		  Xiaowei Wang and Zenghu Chang},
  journal	= {Opt. Lett.},
  number	= {18},
  pages		= {3891--3893},
  publisher	= {OSA},
  title		= {Tailoring a 67 attosecond pulse through advantageous
		  phase-mismatch},
  volume	= {37},
  month		= {Sep},
  year		= {2012},
  url		= {http://ol.osa.org/abstract.cfm?URI=ol-37-18-3891},
  doi		= {10.1364/OL.37.003891}
}
