@article{Fornberg1988,
 ISSN = {00255718, 10886842},
 URL = {http://www.jstor.org/stable/2008770},
 abstract = {Simple recursions are derived for calculating the weights in compact finite difference formulas for any order of derivative and to any order of accuracy on one-dimensional grids with arbitrary spacing. Tables are included for some special cases (of equispaced grids).},
 author = {Bengt Fornberg},
 journal = {Mathematics of Computation},
 number = {184},
 pages = {699--706},
 publisher = {American Mathematical Society},
 title = {Generation of Finite Difference Formulas on Arbitrarily Spaced Grids},
 volume = {51},
 year = {1988}
}
